Booktitle = {Proceedings of Nineteenth National AAAI Conference on Artificial Intelligence},
Booktitle = {Proceedings of Nineteenth AAAI Conference on Artificial Intelligence},

@inproceedings{Briel-et-al:AAAI04,
	Author = {Briel, M. and Sanchez, R. and Do, M.B. and Kambhampati, S.},
	Booktitle = {Proceedings of the AAAI Nineteenth National Conference on Artificial Intelligence},
	Optpublisher = {AAAI Press},
	Title = {Effective Approaches for Partial Satisfaction (Over-Subscription) Planning},
	Year = {2004},
    pages={562--569}
    }


@inproceedings{do-kambhampati04,
	Author = {Do, M.B. and Kambhampati, S.},
	Booktitle = {Proceedings of Fifth International Conference on Knowledge Based Computer Systems {(KBCS)}},
	Title = {Partial Satisfaction (Over-Subscription) Planning as Heuristic Search},
	Year = 2004,
	}
	pages={mancanti} # non le trovo


@inproceedings{Weld:94AA,
	Address = {Seattle, WA},
	Author = {Weld, D. and Etzioni, O.},
	Booktitle = {Proceedings of the AAAI Twelfth National Conference on Artificial Intelligence},
	Pages = {1042-1047},
	Title = {The First Law of Robotics (A Call to Arms)},
	Year = 1994}


@article{bacKab,
	Author = {Bacchus, F. and Kabanza, F.},
	Journal = {Annals of Mathematics and Artificial Intelligence},
	Pages = {5--27},
	Title = {Planning for Temporally Extended Goals},
	Volume = {22(1-2)},
	Year = {1998}}

booktitle={Proceedings of the Sixteenth European Conference on Artificial Intelligence (ECAI-04},
@inproceedings{CC:ECAI04,
  title={Compilation of {LTL} goal formulas into {PDDL}},
  author={Cresswell, S. and Coddington, A.},
  booktitle={Proceedings of the Sixteenth European Conference on Artificial Intelligence (ECAI)},
  volume={16},
  pages={985-986},
  year={2004}
}

Proc. of the 14th European Conference on Artificial Intelligence (ECAI-00)
@inproceedings{Rintanen:ECAI00,
  title={Incorporation of temporal logic control into plan operators},
  author={Rintanen, J.},
  booktitle={Proceedings of the Fourteenth European Conference on Artificial Intelligence (ECAI)},
  pages={526--530},
  year={2000},
}


@inproceedings{smith04,
	Author = {Smith, D.},
	Booktitle = {Proceedings of the Fourteenth International Conference on Automated Planning and Scheduling {(ICAPS)}},
	Optpages = {393--401},
	Title = {Choosing Objectives in Over-Subscription Planning},
	Year = 2004}


@article{GHLS+09,
	Author = {Gerevini, A. and Haslum, P. and Long, D. and Saetti, A. and Dimopoulos, Y.},
	Journal = {Artificial Intelligence},
	Number = {5-6},
	Pages = {619--668},
	Title = {Deterministic Planning in the Fifth International Planning Competition: {PDDL3} and Experimental Evaluation of the Planners},
	Volume = {173},
	Year = {2009}}


@article{Hplanp:aij09,
	Author = {Baier, J. and Bacchus, F. and McIlraith, S.},
	Journal = {Artificial Intelligence},
	Pages = {593--618},
	Title = {A Heuristic Search Approach to Planning with Temporally Extended Preferecens},
	Volume = {173},
	Year = {2009}}


@inproceedings{edelkamp2006compilation,
  title={On the Compilation of Plan Constraints and Preferences.},
  author={Edelkamp, S.},
  booktitle={Proceedings of the Sixteenth International Conference on Automated Planning and Scheduling (ICAPS)},
  pages={374--377},
  year={2006}
}


@inproceedings{edelkamp2006large,
  title={Large-scale optimal {PDDL3} planning with {MIPS-XXL}},
  author={Edelkamp, S. and Jabbar, S. and Naizih, M.},
  journal={Eighth International Planning Competition Booklet {(IPC 2006))}},
  pages={28--30},
  year={2006}
}


author={Coles, Amanda Jane and Coles, Andrew},
@inproceedings{coles2013searching,
  title={Searching for Good Solutions in Goal-Dense Search Spaces.},
  Author = {Coles, A.~J. and Coles, A.},
  booktitle={Proceedings of the Twenty-Third International Conference on Automated Planning and Scheduling (ICAPS)},
  year={2013},
  pages={37--45}
}


@inproceedings{BM:AAAI06,
    title = {Planning with First-Order Temporally Extended Goals using Heuristic Search},
    pages = {788--795},
    booktitle = {Proceedings of the AAAI Twenty-First National Conference on Artificial Intelligence},
    publisher = {{AAAI} Press},
    author = {J. Baier and S. {McIlraith}},
    year = {2006}
}


@article{kn:geffner09,
	Author = {Keyder E. and and Geffner, H.},
	Journal = {Journal of Artificial Intelligence Research (JAIR)},
	Pages = {547-556},
	Title = {Soft Goals Can Be Compiled Away},
	Volume = {36},
	Year = {2009}}

@inproceedings{percassi2017improving,
      title={Improving Plan Quality through Heuristics for Guiding and Pruning the Search: A Study Using {LAMA}},
      author={Percassi, F. and Gerevini, A. and Geffner, H.},
      year={2017},
      booktitle={Proceedings of the Tenth International Symposium on Combinatorial Search (SoCS)},
      Pages={144--148}
}


@inproceedings{coles2011lprpg,
  title={{LPRPG-P}: Relaxed Plan Heuristics for Planning with Preferences.},
  author={Coles, A.~J. and Coles, A.},
  booktitle={Proceedings of the Twenty-First International Conference on Automated Planning and Scheduling (ICAPS)},
  year={2011},
  pages={26-33}
}


@inproceedings{nebel2018,
	Author = {Wright B. and Mattm\"{u}ller R. and Nebel B.},
	Title = {Compiling Away Soft Trajectory Constraints in Planning.},
	Year = {2018},
	booktitle={Proceedings of the Sixteenth Conference on Principles of Knowledge Representation and Reasoning (KR)},
	pages={474-482}
}

	
@article{RicLAMA,
	Author = {Richter, S. and Westphal, M.},
	Journal = {Journal of Artificial Intelligence Research},
	Number = {1},
	Numpages = {51},
	Publisher = {AI Access Foundation},
	Title = {The {LAMA} Planner: Guiding Cost-based Anytime Planning with Landmarks},
	Volume = {39},
	Year = {2010},
	}


@inproceedings{MercuryIPC8,
	Author = {Katz, M. and Hoffmann, J.},
	Booktitle = {Eighth International Planning Competition Booklet {(IPC 2014)}},
	Title = {Mercury Planner: Pushing the Limits of Partial Delete Relaxation},
	Year = {2014},
	pages ={43-47}}
	

@inproceedings{nunez2014miplan,
      title={{MIPlan} and {DPMPlan}},
      author={N{\'u}nez, S. and Borrajo, D. and Linares L{\'o}pez, C.},
      Booktitle = {Eighth International Planning Competition Booklet (IPC 2014)},
      pages={13--16},
      year={2014}
}

@inproceedings{cenamor2014ibacop,
      title={{IB}A{C}O{P} and {IB}A{C}O{P}2 planner},
      author={Cenamor, I. and De La Rosa, T. and Fern{\'a}ndez, F.},
      Booktitle = {Eighth International Planning Competition Booklet (IPC 2014)},
      pages={35--38},
      year={2014}
}

@article{vallati20152014,
  title={The 2014 international planning competition: Progress and trends},
  author={Vallati, M. and Chrpa, L. and Grze{\'s}, M. and McCluskey, T. L. and Roberts, M. and Sanner, S.},
  journal={AI Magazine},
  volume={36},
  number={3},
  pages={90--98},
  year={2015}
}

@misc{ipc9website,
  title = {The 2018 international planning competition ({IPC 2018}) Classical Tracks},
  howpublished = {\url{https://ipc2018-classical.bitbucket.io}},
  note = {Accessed: 2018-10-12}
}

@inproceedings{haslum2007domain,
  title={Domain-independent construction of pattern database heuristics for cost-optimal planning},
  author={Haslum, P. and Botea, A. and Helmert, M. and Bonet, B. and Koenig, S. and others},
  year={2007},
  Booktitle={Proceedings of the AAAI Twenty-second Conference on Artificial Intelligence, 
  pages={1007â€“1012}
}